<?xml version="1.0" encoding="UTF-8"?><collection xmlns="http://www.loc.gov/MARC21/slim"><record><leader>00496nam--2200169-i-4500</leader><controlfield tag="001">000016476</controlfield><controlfield tag="002">20161230</controlfield><controlfield tag="005">20161230201031</controlfield><controlfield tag="008">060222s1000------------r-----000-0-eng-d</controlfield><datafield ind1=" " ind2=" " tag="040"><subfield code="a">IFIN-HH</subfield></datafield><datafield ind1=" " ind2=" " tag="080"><subfield code="a">517.957</subfield></datafield><datafield ind1=" " ind2=" " tag="100"><subfield code="a">Adomian, George</subfield></datafield><datafield ind1=" " ind2=" " tag="245"><subfield code="a">Solving frontier problems of physics: the decomposition method</subfield></datafield><datafield ind1=" " ind2=" " tag="260"><subfield code="a">Dordrecht, Kluwer Academic Publishers, 1994 Xiii + 352 P</subfield></datafield><datafield ind1=" " ind2=" " tag="490"><subfield code="a">Fundamental Theories Of Physics</subfield></datafield><datafield ind1=" " ind2=" " tag="852"><subfield code="a">80324</subfield><subfield code="c">517.9</subfield></datafield><datafield ind1=" " ind2=" " tag="CAT"><subfield code="a">Sys</subfield><subfield code="c">20090609</subfield><subfield code="h">110628</subfield></datafield></record></collection>